<record><leader>00000cas a2200000 a 4500</leader><controlfield tag="001">1773249</controlfield><controlfield tag="008">751101d19731979caumr ne      0   a0eng c</controlfield><datafield ind1=" " ind2=" " tag="010"><subfield code="a">sn 86099904 </subfield><subfield code="z">sc 78000746 </subfield></datafield><datafield ind1=" " ind2=" " tag="040"><subfield code="a">MUL</subfield><subfield code="b">eng</subfield><subfield code="c">MUL</subfield><subfield code="d">SUL</subfield><subfield code="d">NSD</subfield><subfield code="d">DLC</subfield><subfield code="d">NSD</subfield><subfield code="d">DLC</subfield><subfield code="d">NST</subfield><subfield code="d">DLC</subfield><subfield code="d">UNP</subfield><subfield code="d">NST</subfield><subfield code="d">NYS</subfield><subfield code="d">PNN</subfield><subfield code="d">IUL</subfield><subfield code="d">ANU</subfield><subfield code="d">EYM</subfield><subfield code="d">CNW</subfield><subfield code="d">FUG</subfield><subfield code="d">WAU</subfield><subfield code="d">NYS</subfield><subfield code="d">CLU</subfield><subfield code="d">NYS</subfield><subfield code="d">OCLCQ</subfield><subfield code="d">DLC</subfield><subfield code="d">NSD</subfield><subfield code="d">ZP2</subfield><subfield code="d">OCLCQ</subfield><subfield code="d">OCLCF</subfield><subfield code="d">WAU</subfield><subfield code="d">OCLCO</subfield><subfield code="d">CNK</subfield><subfield code="d">NLC</subfield></datafield><datafield ind1=" " ind2=" " tag="012"><subfield code="a">2</subfield><subfield code="l">1</subfield></datafield><datafield ind1=" " ind2=" " tag="016"><subfield code="a">(AMICUS)000000783199</subfield></datafield><datafield ind1="0" ind2=" " tag="022"><subfield code="a">0160-287X</subfield><subfield code="l">0160-287X</subfield><subfield code="2">1</subfield></datafield><datafield ind1="1" ind2=" " tag="029"><subfield code="a">NZ1</subfield><subfield code="b">3860757</subfield></datafield><datafield ind1="1" ind2=" " tag="029"><subfield code="a">AU@</subfield><subfield code="b">000041677487</subfield></datafield><datafield ind1=" " ind2=" " tag="042"><subfield code="a">nsdp</subfield><subfield code="a">pcc</subfield></datafield><datafield ind1=" " ind2=" " tag="043"><subfield code="a">n-us-ca</subfield></datafield><datafield ind1="0" ind2="0" tag="050"><subfield code="a">Newspaper</subfield></datafield><datafield ind1="1" ind2="4" tag="050"><subfield code="a">E75</subfield><subfield code="b">.W377</subfield></datafield><datafield ind1="0" ind2=" " tag="130"><subfield code="a">Wassaja (San Francisco, Calif. : 1973)</subfield></datafield><datafield ind1=" " ind2="0" tag="222"><subfield code="a">Wassaja</subfield></datafield><datafield ind1="1" ind2="0" tag="245"><subfield code="a">Wassaja.</subfield></datafield><datafield ind1=" " ind2=" " tag="260"><subfield code="a">San Francisco, Calif. :</subfield><subfield code="b">American Indian Historical Society,</subfield><subfield code="c">1973-1979.</subfield></datafield><datafield ind1=" " ind2=" " tag="300"><subfield code="a">7 v. :</subfield><subfield code="b">ill. ;</subfield><subfield code="c">43 cm.</subfield></datafield><datafield ind1=" " ind2=" " tag="310"><subfield code="a">Irregular,</subfield><subfield code="b">Jan./Feb.-&lt;Oct./Nov.&gt; 1979</subfield></datafield><datafield ind1=" " ind2=" " tag="321"><subfield code="a">Monthly (irregular)</subfield><subfield code="b">Jan. 1973-Dec. 1978</subfield></datafield><datafield ind1="0" ind2=" " tag="362"><subfield code="a">Vol. 1, no. 1 (Jan. 1973)-v. 7, no. 6/7 (Oct./Nov. 1979).</subfield></datafield><datafield ind1=" " ind2=" " tag="500"><subfield code="a">"A national newspaper of Indian America."</subfield></datafield><datafield ind1=" " ind2=" " tag="500"><subfield code="a">"Let my people know."</subfield></datafield><datafield ind1=" " ind2=" " tag="500"><subfield code="a">Masthead ornament: Three Indians on horseback, one holding a pole decorated with feathers.</subfield></datafield><datafield ind1=" " ind2=" " tag="500"><subfield code="a">Spiritual successor to a periodical of the same title published in Chicago, Apr. 1916-1922.</subfield></datafield><datafield ind1="4" ind2=" " tag="510"><subfield code="a">Danky, J.P. Native American periodicals and newspapers 1828-1982</subfield><subfield code="c">448-453</subfield></datafield><datafield ind1=" " ind2=" " tag="530"><subfield code="a">Available on microform from Clearwater Pub. Co., KTO Microform, Millwood, N.Y.; Memorial Library, Mankato State University, Makato, Minn.; Bell &amp; Howell (Underground newspaper collection); and Bell &amp; Howell Corp.(Contemporary Periodical of the North American Indian), and the Library of Congress, Photoduplication Service.</subfield></datafield><datafield ind1=" " ind2=" " tag="580"><subfield code="a">Merged with: Indian historian, to form: Wassaja, the Indian historian.</subfield></datafield><datafield ind1=" " ind2=" " tag="530"><subfield code="a">Master negatives are available for duplication from:</subfield><subfield code="b">California Newspaper Microfilm Archive;</subfield><subfield code="c">for further information consult the CNMA at:</subfield><subfield code="u">http://cbsr.ucr.edu.</subfield></datafield><datafield ind1=" " ind2="0" tag="651"><subfield code="a">San Francisco (Calif.)</subfield><subfield code="v">Newspapers.</subfield></datafield><datafield ind1=" " ind2="0" tag="650"><subfield code="a">Indians of North America</subfield><subfield code="x">Newspapers.</subfield></datafield><datafield ind1=" " ind2="7" tag="650"><subfield code="a">Indians of North America.</subfield><subfield code="2">fast</subfield><subfield code="0">(OCoLC)fst00969633</subfield></datafield><datafield ind1=" " ind2="7" tag="651"><subfield code="a">California</subfield><subfield code="z">San Francisco.</subfield><subfield code="2">fast</subfield><subfield code="0">(OCoLC)fst01204481</subfield></datafield><datafield ind1=" " ind2="7" tag="655"><subfield code="a">Native American newspapers</subfield><subfield code="2">ngl</subfield></datafield><datafield ind1=" " ind2="7" tag="655"><subfield code="a">Newspapers.</subfield><subfield code="2">fast</subfield><subfield code="0">(OCoLC)fst01423814</subfield></datafield><datafield ind1="2" ind2=" " tag="710"><subfield code="a">American Indian Historical Society.</subfield></datafield><datafield ind1=" " ind2=" " tag="752"><subfield code="a">United States</subfield><subfield code="b">California</subfield><subfield code="c">San Francisco</subfield><subfield code="d">San Francisco.</subfield></datafield><datafield ind1="1" ind2="7" tag="785"><subfield code="t">Indian historian</subfield><subfield code="x">0019-4840</subfield><subfield code="w">(DLC)   80648957</subfield><subfield code="w">(OCoLC)1752881</subfield></datafield><datafield ind1="1" ind2="7" tag="785"><subfield code="t">Wassaja, the Indian historian</subfield><subfield code="x">0199-9052</subfield><subfield code="w">(DLC)   80648957</subfield><subfield code="w">(OCoLC)6275206</subfield></datafield></record>